<?xml version="1.0" encoding="UTF-8"?>
<collection xmlns:xsi="http://www.w3.org/2001/XMLSchema-instance" xsi:schemaLocation="http://www.loc.gov/MARC21/slim http://www.loc.gov/standards/marcxml/schema/MARC21slim.xsd" xmlns="http://www.loc.gov/MARC21/slim">
<record>
  <leader>02267cam a2200433Ia 4500</leader>
  <controlfield tag="001">3080167</controlfield>
  <controlfield tag="003">NNC</controlfield>
  <controlfield tag="005">20160118123339.0</controlfield>
  <controlfield tag="008">831207s1932    jo a     b    000 0 arard</controlfield>
  <datafield tag="035" ind1=" " ind2=" ">
    <subfield code="a">(OCoLC)ocm10196795</subfield>
  </datafield>
  <datafield tag="035" ind1=" " ind2=" ">
    <subfield code="a">(OCoLC)10196795</subfield>
  </datafield>
  <datafield tag="035" ind1=" " ind2=" ">
    <subfield code="a">(NNC)3080167</subfield>
  </datafield>
  <datafield tag="040" ind1=" " ind2=" ">
    <subfield code="a">IXA</subfield>
    <subfield code="b">eng</subfield>
    <subfield code="c">IXA</subfield>
    <subfield code="d">OSU</subfield>
    <subfield code="d">IUL</subfield>
    <subfield code="d">CUY</subfield>
    <subfield code="d">OCLCQ</subfield>
    <subfield code="d">OCLCF</subfield>
    <subfield code="d">OCLCA</subfield>
  </datafield>
  <datafield tag="050" ind1=" " ind2="4">
    <subfield code="a">D198.4.S2</subfield>
    <subfield code="b">N37 1932</subfield>
  </datafield>
  <datafield tag="100" ind1="1" ind2=" ">
    <subfield code="6">880-01</subfield>
    <subfield code="a">Nashāshībī, Muḥammad Isʻāf.</subfield>
  </datafield>
  <datafield tag="245" ind1="1" ind2="3">
    <subfield code="6">880-02</subfield>
    <subfield code="a">al-Baṭal al-khālid Ṣalāḥ al-Dīn wa-al-shāʻir al-khālid Aḥmad Shawqī /</subfield>
    <subfield code="c">bi-qalam Muḥammad Isʻāf al-Nashāshībī.</subfield>
  </datafield>
  <datafield tag="260" ind1=" " ind2=" ">
    <subfield code="6">880-03</subfield>
    <subfield code="a">Awrūshalīm :</subfield>
    <subfield code="b">Maṭbaʻat Bayt al-Maqdis,</subfield>
    <subfield code="c">1932.</subfield>
  </datafield>
  <datafield tag="300" ind1=" " ind2=" ">
    <subfield code="a">110 pages :</subfield>
    <subfield code="b">illustrations ;</subfield>
    <subfield code="c">22 cm</subfield>
  </datafield>
  <datafield tag="336" ind1=" " ind2=" ">
    <subfield code="a">text</subfield>
    <subfield code="b">txt</subfield>
    <subfield code="2">rdacontent</subfield>
  </datafield>
  <datafield tag="337" ind1=" " ind2=" ">
    <subfield code="a">unmediated</subfield>
    <subfield code="b">n</subfield>
    <subfield code="2">rdamedia</subfield>
  </datafield>
  <datafield tag="338" ind1=" " ind2=" ">
    <subfield code="a">volume</subfield>
    <subfield code="b">nc</subfield>
    <subfield code="2">rdacarrier</subfield>
  </datafield>
  <datafield tag="504" ind1=" " ind2=" ">
    <subfield code="a">Includes bibliographical references.</subfield>
  </datafield>
  <datafield tag="600" ind1="0" ind2="0">
    <subfield code="a">Saladin,</subfield>
    <subfield code="c">Sultan of Egypt and Syria,</subfield>
    <subfield code="d">1137-1193</subfield>
    <subfield code="v">Poetry.</subfield>
  </datafield>
  <datafield tag="600" ind1="1" ind2="0">
    <subfield code="6">880-04</subfield>
    <subfield code="a">Shawqī, Aḥmad,</subfield>
    <subfield code="d">1868-1932.</subfield>
  </datafield>
  <datafield tag="650" ind1=" " ind2="0">
    <subfield code="a">Arabic poetry</subfield>
    <subfield code="x">History and criticism.</subfield>
  </datafield>
  <datafield tag="600" ind1="0" ind2="7">
    <subfield code="a">Saladin,</subfield>
    <subfield code="c">Sultan of Egypt and Syria,</subfield>
    <subfield code="d">1137-1193.</subfield>
    <subfield code="2">fast</subfield>
    <subfield code="0">(OCoLC)fst00103416</subfield>
  </datafield>
  <datafield tag="600" ind1="1" ind2="7">
    <subfield code="a">Shawqī, Aḥmad,</subfield>
    <subfield code="d">1868-1932.</subfield>
    <subfield code="2">fast</subfield>
    <subfield code="0">(OCoLC)fst00101111</subfield>
  </datafield>
  <datafield tag="650" ind1=" " ind2="7">
    <subfield code="a">Arabic poetry.</subfield>
    <subfield code="2">fast</subfield>
    <subfield code="0">(OCoLC)fst00812533</subfield>
  </datafield>
  <datafield tag="655" ind1=" " ind2="7">
    <subfield code="a">Criticism, interpretation, etc.</subfield>
    <subfield code="2">fast</subfield>
    <subfield code="0">(OCoLC)fst01411635</subfield>
  </datafield>
  <datafield tag="655" ind1=" " ind2="7">
    <subfield code="a">Poetry.</subfield>
    <subfield code="2">fast</subfield>
    <subfield code="0">(OCoLC)fst01423828</subfield>
  </datafield>
  <datafield tag="740" ind1="0" ind2="2">
    <subfield code="6">880-05</subfield>
    <subfield code="a">Shāʻir al-khālid Aḥmad Shawqī.</subfield>
  </datafield>
  <datafield tag="776" ind1="0" ind2="8">
    <subfield code="i">Online version:</subfield>
    <subfield code="a">Nashāshībī, Muḥammad Isʻāf.</subfield>
    <subfield code="t">Baṭal al-khālid Ṣalāḥ al-Dīn wa-al-shāʻir al-khālid Aḥmad Shawqī.</subfield>
    <subfield code="d">Awrūshalīm : Maṭbaʻat Bayt al-Maqdis, 1932</subfield>
    <subfield code="w">(OCoLC)582727504</subfield>
  </datafield>
  <datafield tag="880" ind1="1" ind2=" ">
    <subfield code="6">100-01/r</subfield>
    <subfield code="a">نشاشيبي، محمد عساف.</subfield>
  </datafield>
  <datafield tag="880" ind1="1" ind2="2">
    <subfield code="6">245-02/r</subfield>
    <subfield code="a">البطل الخالد صلاح الدين والشاعر الخالد أحمد شوقي /</subfield>
    <subfield code="c">بقلم محمد عساف النشاشيبي.</subfield>
  </datafield>
  <datafield tag="880" ind1=" " ind2=" ">
    <subfield code="6">260-03/r</subfield>
    <subfield code="a">أوروشليم :</subfield>
    <subfield code="b">مطبعة بيت المقدس،</subfield>
    <subfield code="c">1932.</subfield>
  </datafield>
  <datafield tag="880" ind1="1" ind2="4">
    <subfield code="6">600-04/r</subfield>
    <subfield code="a">شوقي، احمد،,</subfield>
    <subfield code="d">1868-1932.</subfield>
  </datafield>
  <datafield tag="880" ind1="1" ind2=" ">
    <subfield code="6">700-00/r</subfield>
    <subfield code="a">نشاشيبي، محمد اسعاف.</subfield>
    <subfield code="t">شاعر الخالد أحمد شوقي.</subfield>
  </datafield>
  <datafield tag="880" ind1="0" ind2="2">
    <subfield code="6">740-05/r</subfield>
    <subfield code="a">شاعر الخالد احمد شوقي.</subfield>
  </datafield>
  <datafield tag="955" ind1=" " ind2=" ">
    <subfield code="b">CU58895680</subfield>
    <subfield code="d">off,glx</subfield>
    <subfield code="e">893.791 Sa313</subfield>
  </datafield>
</record>
</collection>